@INPROCEEDINGS{Dolinar2011Photon,
  author={Dolinar, Sam and Birnbaum, Kevin M. and Erkmen, Baris I. and Moision, Bruce},
  booktitle={2011 International Conference on Space Optical Systems and Applications (ICSOS)}, 
  title={On approaching the ultimate limits of photon-efficient and bandwidth-efficient optical communication}, 
  year={2011},
  volume={},
  number={},
  pages={269-278},
  doi={10.1109/ICSOS.2011.5783682}}

  % remember to run "make ref-update"

@ARTICLE{Bronzi2016,
  author={Bronzi, Danilo and Villa, Federica and Tisa, Simone and Tosi, Alberto and Zappa, Franco},
  journal={IEEE Sensors Journal}, 
  title={SPAD Figures of Merit for Photon-Counting, Photon-Timing, and Imaging Applications: A Review}, 
  year={2016},
  volume={16},
  number={1},
  pages={3-12},
  doi={10.1109/JSEN.2015.2483565}}

@ARTICLE{Gramuglia2022,
  author={Gramuglia, Francesco and Wu, Ming-Lo and Bruschini, Claudio and Lee, Myung-Jae and Charbon, Edoardo},
  journal={IEEE Journal of Selected Topics in Quantum Electronics}, 
  title={A Low-Noise CMOS SPAD Pixel With 12.1 Ps SPTR and 3 Ns Dead Time}, 
  year={2022},
  volume={28},
  number={2: Optical Detectors},
  pages={1-9},
  doi={10.1109/JSTQE.2021.3088216}}



@misc{essiambre2023record,
      title={Record Photon Information Efficiency with Optical Clock Transmission and Recovery of 12.5 bits/photon over an Optical Channel with 77 dB Loss}, 
      author={Ren√©-Jean Essiambre and Cheng Guo and Sai Kanth Dacha and Alexei Ashikhmin and Andrea Blanco-Redondo and Frank R. Kschischang and Konrad Banaszek and Matthew Weiner and Rose Kopf and Ian Crawley and Mohamad H. Idjadi and Ayed A. Sayem and Jie Zhao and James D. Sandoz and Nicolas Fontaine and Nicole Menkart and Roland Ryf and John Cloonan and Michael Vasilyev and Thomas E. Murphy and Ellsworth C. Burrows},
      year={2023},
      eprint={2310.02191},
      archivePrefix={arXiv},
      primaryClass={quant-ph}
}
